<?xml version="1.0" encoding="UTF-8"?><record xmlns="http://www.loc.gov/MARC21/slim" xmlns:cinclude="http://apache.org/cocoon/include/1.0" xmlns:zs="http://www.loc.gov/zing/srw/">
  <leader>00417nz  a2200145n  4500</leader>
  <controlfield tag="001">no2012077102</controlfield>
  <controlfield tag="003">DLC</controlfield>
  <controlfield tag="005">20120606075037.0</controlfield>
  <controlfield tag="008">120604n| acannaabn          |n aaa     c</controlfield>
  <datafield tag="010" ind1=" " ind2=" ">
    <subfield code="a">no2012077102</subfield>
  </datafield>
  <datafield tag="035" ind1=" " ind2=" ">
    <subfield code="a">(OCoLC)oca09216838</subfield>
  </datafield>
  <datafield tag="040" ind1=" " ind2=" ">
    <subfield code="a">RPB-NP</subfield>
    <subfield code="b">eng</subfield>
    <subfield code="c">RPB-NP</subfield>
  </datafield>
  <datafield tag="100" ind1="1" ind2=" ">
    <subfield code="a">Lupo, Walter</subfield>
  </datafield>
  <datafield tag="670" ind1=" " ind2=" ">
    <subfield code="a">Basilicata, 2010?:</subfield>
    <subfield code="b">title frame (Walter Lupo, screenplay)</subfield>
  </datafield>
  <datafield tag="670" ind1=" " ind2=" ">
    <subfield code="a">IMDb, June 4, 2012</subfield>
    <subfield code="b">(Walter Lupo; writer, actor)</subfield>
  </datafield>
</record>